@misc{terror2021,
  author= "Yau Wei-Chuen and Pan Xiaohui",
  title = "Quantitative Analysis and Prediction of Global Terrorist Attacks Based on Machine Learning",
  url = "https://www.hindawi.com/journals/sp/2021/7890923.html"
}

@techreport{turkey2017,
  author= "Tekin Kose and Julide Yildirim and Gizem Tanrivere",
  title = "The Effects of Terrorism on Happiness: Evidence from Turkey",
  institution = "EcoMod",
  year = "2017", 
  url = "https://ideas.repec.org/p/ekd/010027/10229.html"
}

@article{gtd,
author = "Gary   LaFree  and  Laura   Dugan",
title = "Introducing the Global Terrorism Database",
journal = "Terrorism and Political Violence",
number = "2",
year  = "2007",
publisher = "Routledge"
}
